@article{links_1,
  title={Principled missing data methods for researchers},
  author={Dong, Yiran and Peng, Chao-Ying Joanne},
  journal={SpringerPlus},
  volume={2},
  number={1},
  pages={1--17},
  year={2013},
  publisher={Springer}
}
@incollection{seeds,
  title={Complete gradient clustering algorithm for features analysis of x-ray images},
  author={Charytanowicz, Ma{\l}gorzata and Niewczas, Jerzy and Kulczycki, Piotr and Kowalski, Piotr A and {\L}ukasik, Szymon and {\.Z}ak, S{\l}awomir},
  booktitle={Information technologies in biomedicine},
  pages={15--24},
  year={2010},
  publisher={Springer}
}
@misc{repo,
author = "Dua, Dheeru and Graff, Casey",
year = "2017",
title = "{UCI} Machine Learning Repository",
url = "http://archive.ics.uci.edu/ml",
institution = "University of California, Irvine, School of Information and Computer Sciences" }
@article{wine,
  title={Comparative analysis of statistical pattern recognition methods in high dimensional settings},
  author={Aeberhard, Stefan and Coomans, Danny and De Vel, Olivier},
  journal={Pattern Recognition},
  volume={27},
  number={8},
  pages={1065--1077},
  year={1994},
  publisher={Elsevier}
}

@article{MNIST,
  title={Gradient-based learning applied to document recognition},
  author={LeCun, Yann and Bottou, L{\'e}on and Bengio, Yoshua and Haffner, Patrick},
  journal={Proceedings of the IEEE},
  volume={86},
  number={11},
  pages={2278--2324},
  year={1998},
  publisher={Ieee}
}
@inproceedings{hep,
  title={Assistant 86: A knowledge-elicitation tool for sophisticated users},
  author={Cestnik, Bojan and Kononenko, Igor and Bratko, Ivan},
  booktitle={Proceedings of the 2nd European conference on European working session on learning},
  pages={31--45},
  year={1987}
}
@article{hep2,
  title={Computer-intensive methods in statistics},
  author={Diaconis, Persi and Efron, Bradley},
  journal={Scientific American},
  volume={248},
  number={5},
  pages={116--131},
  year={1983},
  publisher={JSTOR}
}

